@manual{anleitung,
  author = {TU Dortmund},
  title = {V106 Gekoppelte Pendel},
  year = 2015
}
@online{Wikipedia,
  title = {Gekoppelte Pendel},
  publisher = "Wikipedia",
  year = "05.12.2015",
  url = "https://de.wikipedia.org/wiki/Gekoppelte_Pendel",
}
@online{fhaachen,
  title = {Praktikum: Physik f√ºr Elektrotechnik},
  author = "Prof.Dr. Doris Samm",
  url = "http://www.physik.fh-aachen.de/startseite/physik-fuer-elektrotechnik/praktikum/gekoppeltes-pendel/5/",
}
