@article{Protokoll,
  author = {Thorben Lünneweber, Marcel C. Strzys},
  title = {Der Lock-In-Verstärker},
  year = "2008",
  publisher = "TU Dortmund",
  url = "http://physik-praktikum.jimdo.com/",
}
@manual{Anleitung,
  title = {Versuch V303: Der Lock-In-Verstärker},
  publisher = "TU Dortmund",
  url = "http://129.217.224.2/HOMEPAGE/PHYSIKER/BACHELOR/AP/SKRIPT/LockIn.pdf",
}
@online{Wikipedia,
  title = {Lock-in-Verstärker},
  year = "11.04.2015",
  publisher = "Wikipedia",
  url = "https://de.wikipedia.org/wiki/Lock-in-Verstärker",
}
