@manual{officialmanual,
  title = {Versuch Nr.354 - Gedämpfte und erzwungene Schwingungen},
  author = {TU Dortmund},
  url = "http://129.217.224.2/HOMEPAGE/PHYSIKER/BACHELOR/AP/SKRIPT/V354.pdf"
}
@article{protokoll,
  title = {Versuch Nr.354 - Gedämpfte und erzwungene Schwingungen},
  author = {Thorben Lünneweber, Marcel C. Strzys},
  publisher = {TU Dortmund},
  year = "2008",
  url = "http://physik-praktikum.jimdo.com/",
}
@online{Wikipedia,
  title = {Schwingkreis},
  publisher = "Wikipedia",
  year = "21.11.2015",
  url = "https://de.wikipedia.org/wiki/Schwingkreis",
}
@misc{messwerte,
  title = {Messwerte zu 5a) & 5b)},
  url = "https://app.box.com/s/v4zb62gwzamisyj358152k999mhzwmjq",
}
